

@book{collins2001mapun,
  title={Mapun-English dictionary},
  author={Collins, Millard A and Collins, Virginia R and Hashim, Sulfilix A and others},
  year={2001},
  publisher={Summer Institute of Linguistics},
  url={https://philippines.sil.org/resources/online_resources/sjm}
}

@incollection{busenitz1992,
	title = {Spatial deixis in {Balantak}},
	language = {en},
	booktitle = {Pan-{Asiatic} {Linguistics}: {Proceeding} of the {Third} {Intermediary} {Symposium} on {Language} and {Linguistics}, vol. 1},
	author = {Busenitz, Marilyn J. and Busenitz, Robert L.},
	year = {1992},
	keywords = {Austronesian, deixis, elevation, space},
	pages = {131--149},
	publisher = {Chulalongkorn University},
	address = {Bangkok}
}


@article{francois2004,
	Author = {François, Alexandre},
	Date-Modified = {2019-01-06 07:23:37 -1000},
	Issn = {0029-8115},
	Journal = {Oceanic linguistics},
	Number = {1},
	Pages = {1-31},
	Title = {Reconstructing the geocentric system of Proto-Oceanic},
	Type = {Journal Article},
	Volume = {43},
	Year = {2004}}

@book{barth1910,
    Author = {Barth, J.P.J.},
    Year = {1910},
    Title = {Boesangsch-{N}ederlandsch woordenboek},
    Address = {Batavia},
    Publisher = {Landsdrukkerij}
}
@phdthesis{arnold2018,
    place={Edinburgh}, title={A Grammar of {Ambel}: An {A}ustronesian language of {Raja Ampat, West New Guinea}}, school={University of Edinburgh}, author={Arnold, Laura}, year={2018}
}
 @misc{jukes2015,
    title={Relative height terms in {Sangiric} languages},
    author={Jukes, Anthony and Utsumi, Atsuko},
    year={2015},
    howpublished = {Paper presented at the International Conference on Austronesian Linguistics, Taipei},
    Date = {July 11-15},
    Address = {Taipei}
}
@incollection{adelaar1997,
	Address = {Oxford},
	Author = {Adelaar, K. Alexander},
	Booktitle = {Referring to Space: Studies in {{Austronsian} and {Papuan}} Languages},
	Date-Modified = {2019-01-06 07:23:40 -1000},
	Editor = {Senft, Gunter},
	Pages = {53-82},
	Publisher = {Oxford University Press},
	Title = {An exploration of directional systems in {West Indonesia and Madagascar}},
	Type = {Book Section},
	Year = {1997}}
@incollection{francois2015,
	Address = {Canberra},
	Author = {François, Alexandre},
	Booktitle = {The Languages of Vanuatu: Unity and Diversity},
	Date-Modified = {2019-01-06 07:23:40 -1000},
	Editor = {François, Alexandre and Lacrampe, Sébatien and M., Franijeh and Schnell, Stefan},
	Pages = {137-195},
	Publisher = {Asia Pacific Linguistics Open Access},
	Series = {Studies in the Languages of Island Melanesia, 5},
	Title = {The ins and outs of up and down: Disentangling the nine geocentric space systems of Torres and Banks languages},
	Type = {Book Section},
	Year = {2015}}

@incollection{palmer2015,
	Address = {Amsterdam},
	Author = {Palmer, Bill},
	Booktitle = {Language Structure and Environment: Social, cultural, and natural factors},
	Date-Modified = {2019-01-06 07:23:40 -1000},
	Doi = {10.1075/clscc.6.08pal},
	Editor = {De Busser, Rik and Lapolla, Randy J.},
	Pages = {179-226},
	Publisher = {John Benjamins},
	Title = {Topography in language: Absolute frame of reference and the topographic correspondence hypothesis},
	Type = {Book Section},
	Year = {2015},
	Bdsk-Url-1 = {https://doi.org/10.1075/clscc.6.08pal}}

@incollection{palmer2002,
	Address = {Canberra},
	Author = {Palmer, Bill},
	Booktitle = {Representing Space in {Oceania}: Culture in language and mind,},
	Date-Modified = {2019-01-06 07:23:40 -1000},
	Editor = {Bennardo, Giovanni},
	Pages = {107–157},
	Publisher = {Australian National University},
	Title = {Absolute spatial reference and the grammaticalisation of perceptually salient phenomena},
	Type = {Book Section},
	Year = {2002}}
@book{senft2004,
	Address = {Canberra},
	Author = {Senft, Gunter},
	Date-Modified = {2019-01-06 07:23:39 -1000},
	Publisher = {Australian National University},
	Title = {Deixis and Demonstratives in {Oceanic} Languages},
	Type = {Edited Book},
	Year = {2004}}
@book{bennardo2002,
	Address = {Canberra},
	Author = {Bennardo, Giovanni},
	Date-Modified = {2019-01-06 07:23:39 -1000},
	Publisher = {Pacific Linguistics},
	Series = {Pacific Linguistics 523},
	Title = {Representing Space in {Oceania}: Culture in Language and Mind},
	Type = {Edited Book},
	Year = {2002}}

